%% This BibTeX bibliography file was created using BibDesk.
%% http://bibdesk.sourceforge.net/


%% Created for Galyardt at 2014-08-21 22:49:39 -0400


%% Saved with string encoding Unicode (UTF-8)

@article{pinheiro2000linear,
  title={Linear mixed-effects models: basic concepts and examples},
  author={Pinheiro, Jos{\'e} C and Bates, Douglas M},
  journal={Mixed-effects models in S and S-Plus},
  pages={3--56},
  year={2000},
  publisher={Springer}
}

@article{hastie2000bayesian,
  title={Bayesian backfitting (with comments and a rejoinder by the authors},
  author={Hastie, Trevor and Tibshirani, Robert},
  journal={Statistical Science},
  volume={15},
  number={3},
  pages={196--223},
  year={2000},
  publisher={Institute of Mathematical Statistics}
}



@article{chipman2010bart,
  title={BART: Bayesian additive regression trees},
  author={Chipman, Hugh A and George, Edward I and McCulloch, Robert E},
  journal={The Annals of Applied Statistics},
  volume={4},
  number={1},
  pages={266--298},
  year={2010},
  publisher={Institute of Mathematical Statistics}
}


@article{chipman1998bayesian,
  title={Bayesian CART model search},
  author={Chipman, Hugh A and George, Edward I and McCulloch, Robert E},
  journal={Journal of the American Statistical Association},
  volume={93},
  number={443},
  pages={935--948},
  year={1998},
  publisher={Taylor \& Francis}
}
